
@article{CI:20,
  author    = {Ioannis Paraskevakos and
               Matteo Turrili and
               Bento Collares Gon{\c{c}}alves and
               Heather J. Lynch and
               Shantenu Jha},
  title     = {Workflow Design Analysis for High Resolution Satellite Image Analysis},
  journal   = {CoRR},
  volume    = {abs/1905.09766},
  year      = {2019},
  url       = {http://arxiv.org/abs/1905.09766},
  archivePrefix = {arXiv},
  eprint    = {1905.09766},
  timestamp = {Wed, 29 May 2019 11:27:50 +0200},
  biburl    = {https://dblp.org/rec/journals/corr/abs-1905-09766.bib},
  bibsource = {dblp computer science bibliography, https://dblp.org}
}

@article{RP:18,
  author    = {Andr{\'{e}} Merzky and
               Mark Santcroos and
               Matteo Turilli and
               Shantenu Jha},
  title     = {RADICAL-Pilot: Scalable Execution of Heterogeneous and Dynamic Workloads
               on Supercomputers},
  journal   = {CoRR},
  volume    = {abs/1512.08194},
  year      = {2015},
  url       = {http://arxiv.org/abs/1512.08194},
  archivePrefix = {arXiv},
  eprint    = {1512.08194},
  timestamp = {Mon, 13 Aug 2018 16:47:49 +0200},
  biburl    = {https://dblp.org/rec/journals/corr/MerzkySTJ15.bib},
  bibsource = {dblp computer science bibliography, https://dblp.org}
}

@article{BCG:20,
  author    = {Bento Collares Gon{\c{c}}alves and
                Bradley Spitzbart and
                Heather J. Lynch},
  title     = {SealNet: A fully-automated pack-ice seal detection pipeline for sub-meter satellite imagery},
  journal   = {Remote Sensing of Environment},
  volume    = {239},
  year      = {2020},
  url       = {https://doi.org/10.1016/j.rse.2019.111617},
  archivePrefix = {},
  eprint    = {},
  timestamp = {15 March 2020},
  biburl    = {},
  bibsource = {}
}

@online{JNweb:20,
	author =       "Jupyter",
	year =         "2020",
	title =        "Jupyter Notebook Home" ,
	url =          "https://jupyter.org",
	lastaccessed = "May 18, 2020",
}

@online{SWweb:20,
  author =       "Software Carpentry",
  year =         "2020",
  title =        "Software Carpentry:Teaching basic lab skills for research computing" ,
  url =          "https://software-carpentry.org/",
  lastaccessed = "February 16, 2020",
}

@online{RPweb:20,
  author =       "Radical Pilot",
  year =         "2020",
  title =        "RADICAL-Pilot 1.1.1 Documentation",
  url =          "https://radicalpilot.readthedocs.io/en/stable/",
  lastaccessed = "February 16, 2020",
}

@online{icebergweb:20,
  author =       "ICEBERG",
  year =         "2020",
  title =        "ICEBERG: Imagery Cyber-infrastructure and Extensible Building blocks to Enhance Research in the Geosciences.",
  url =          "https://iceberg-project.github.io/about.html",
  lastaccessed = "February 16, 2020",
}

@online{iceberggit:20,
  author =       "ICEBERG",
  year =         "2020",
  title =        "ICEBERG: GitHub",
  url =          "https://github.com/iceberg-project",
  lastaccessed = "February 16, 2020",
}

@online{gitflow:20,
  author =       "Vincent Driessen",
  year =         "2010",
  title =        "A successful Git branching model",
  url =          "https://nvie.com/posts/a-successful-git-branching-model/",
  lastaccessed = "February 16, 2020",
}

@online{travis:20,
  author =       "Travis CI",
  year =         "2020",
  title =        "Test and Deploy with Confidence",
  url =          "https://travis-ci.org/",
  lastaccessed = "February 16, 2020",
}

@online{RCTweb:20,
  author =       "Radical CyberTools",
  year =         "2020",
  title =        "RADICAL Cybertools (RCT) - Scalable, Interoperable and Sustainable Tools for Science",
  url =          "http://radical.rutgers.edu/projects/rct",
  lastaccessed = "February 16, 2020",
}

@online{pypiweb:20,
  author =       "Pypi ",
  year =         "2020",
  title =        "PyPI Â· The Python Package Index",
  url =          "https://pypi.org/",
  lastaccessed = "February 16, 2020",
}

@online{imarsweb:20,
  author =       "IMaRSi ",
  year =         "2020",
  title =        "Institute for Marine Remote Sensing",
  url =          "http://imars.usf.edu/",
  lastaccessed = "February 16, 2020",
}

@article{turilli2019middleware,
  title={Middleware building blocks for workflow systems},
  author={Turilli, Matteo and Balasubramanian, Vivek and Merzky, Andre and Paraskevakos, Ioannis and Jha, Shantenu},
  journal={Computing in Science \& Engineering},
  volume={21},
  number={4},
  pages={62--75},
  year={2019},
  publisher={IEEE}
}

@inproceedings{balasubramanian2018harnessing,
  title={Harnessing the power of many: Extensible toolkit for scalable ensemble applications},
  author={Balasubramanian, Vivek and Turilli, Matteo and Hu, Weiming and Lefebvre, Matthieu and Lei, Wenjie and Modrak, Ryan and Cervone, Guido and Tromp, Jeroen and Jha, Shantenu},
  booktitle={2018 IEEE International Parallel and Distributed Processing Symposium (IPDPS)},
  pages={536--545},
  year={2018},
  organization={IEEE}
}

@article{merzky2015saga,
  title={SAGA: A standardized access layer to heterogeneous distributed computing infrastructure},
  author={Merzky, Andre and Weidner, Ole and Jha, Shantenu},
  journal={SoftwareX},
  volume={1},
  pages={3--8},
  year={2015},
  publisher={Elsevier}
}
